<?xml version="1.0" encoding="UTF-8"?><collection xmlns="http://www.loc.gov/MARC21/slim"><record><leader>00421nam--2200157-i-4500</leader><controlfield tag="001">000024054</controlfield><controlfield tag="002">20161230</controlfield><controlfield tag="005">20170126001406</controlfield><controlfield tag="008">060222s1000------------r-----000-0-eng-d</controlfield><datafield ind1=" " ind2=" " tag="080"><subfield code="a">510.21</subfield></datafield><datafield ind1=" " ind2=" " tag="100"><subfield code="a">Hofstadter, Douglas R</subfield></datafield><datafield ind1=" " ind2=" " tag="245"><subfield code="a">Godel, escher, bach: an eternal golden braid</subfield></datafield><datafield ind1=" " ind2=" " tag="260"><subfield code="a">New York</subfield><subfield code="b">Basic Books, Inc., Publishers</subfield><subfield code="c">1979</subfield></datafield><datafield ind1=" " ind2=" " tag="300"><subfield code="a">XXI + 777 p</subfield></datafield><datafield ind1=" " ind2=" " tag="852"><subfield code="a">49237</subfield></datafield><datafield ind1=" " ind2=" " tag="CAT"><subfield code="a">SYS</subfield><subfield code="c">20170126</subfield><subfield code="h">001406</subfield></datafield></record></collection>